@article{Nam1967,
	doi = {10.1103/physrev.156.470},
	url = {https://doi.org/10.1103/physrev.156.470},
	year = {1967},
	month = apr,
	publisher = {American Physical Society ({APS})},
	volume = {156},
	number = {2},
	pages = {470--486},
	author = {Sang Boo Nam},
	title = {Theory of Electromagnetic Properties of Superconducting and Normal Systems. {I}},
	journal = {Physical Review}
}