@article{Nam1967,
	doi = {10.1103/physrev.156.470},
	url = {https://doi.org/10.1103/physrev.156.470},
	year = {1967},
	month = apr,
	publisher = {American Physical Society ({APS})},
	volume = {156},
	number = {2},
	pages = {470--486},
	author = {Sang Boo Nam},
	title = {Theory of Electromagnetic Properties of Superconducting and Normal Systems. {I}},
	journal = {Physical Review}
}

@article{Churchill2016,
	doi = {10.1103/physrevb.94.235422},
	url = {https://doi.org/10.1103/physrevb.94.235422},
	year = {2016},
	month = dec,
	publisher = {American Physical Society ({APS})},
	volume = {94},
	number = {23},
	author = {R. J. Churchill and T. G. Philbin},
	title = {Electromagnetic reflection,  transmission,  and energy density at boundaries of nonlocal media},
	journal = {Physical Review B}
}