@article{Henkel1999,
	doi = {10.1007/s003400050823},
	url = {https://doi.org/10.1007/s003400050823},
	year = {1999},
	month = dec,
	publisher = {Springer Science and Business Media {LLC}},
	volume = {69},
	number = {5-6},
	pages = {379--387},
	author = {C. Henkel and S. P\"{o}tting and M. Wilkens},
	title = {Loss and heating of particles in small and noisy traps},
	journal = {Applied Physics B}
}

@article{Ford1984,
	doi = {10.1016/0370-1573(84)90098-x},
	url = {https://doi.org/10.1016/0370-1573(84)90098-x},
	year = {1984},
	month = nov,
	publisher = {Elsevier {BV}},
	volume = {113},
	number = {4},
	pages = {195--287},
	author = {G.W. Ford and W.H. Weber},
	title = {Electromagnetic interactions of molecules with metal surfaces},
	journal = {Physics Reports}
}

@article{Agarwal1975,
	doi = {10.1103/physreva.11.230},
	url = {https://doi.org/10.1103/physreva.11.230},
	year = {1975},
	month = jan,
	publisher = {American Physical Society ({APS})},
	volume = {11},
	number = {1},
	pages = {230--242},
	author = {G. S. Agarwal},
	title = {Quantum electrodynamics in the presence of dielectrics and conductors. I. Electromagnetic-field response functions and black-body fluctuations in finite geometries},
	journal = {Physical Review A}
}