@article{Nam1967,
	doi = {10.1103/physrev.156.470},
	url = {https://doi.org/10.1103/physrev.156.470},
	year = {1967},
	month = apr,
	publisher = {American Physical Society ({APS})},
	volume = {156},
	number = {2},
	pages = {470--486},
	author = {Sang Boo Nam},
	title = {Theory of Electromagnetic Properties of Superconducting and Normal Systems. {I}},
	journal = {Physical Review}
}

@book{SolyomV3,
	doi = {10.1007/978-3-642-04518-9},
	url = {https://doi.org/10.1007/978-3-642-04518-9},
	year = {2010},
	publisher = {Springer Berlin Heidelberg},
	author = {Jen{\H{o}} S{\'{o}}lyom},
	title = {Fundamentals of the Physics of Solids},
	subtitle = {Normal, Broken-Symmetry, and Correlated Systems},
	volume = {3},
}