@article{Zimmermann1991,
	doi = {10.1016/0921-4534(91)90771-p},
	url = {https://doi.org/10.1016/0921-4534(91)90771-p},
	year = {1991},
	month = nov,
	publisher = {Elsevier {BV}},
	volume = {183},
	number = {1-3},
	pages = {99--104},
	author = {W. Zimmermann and E.H. Brandt and M. Bauer and E. Seider and L. Genzel},
	title = {Optical conductivity of {BCS} superconductors with arbitrary purity},
	journal = {Physica C: Superconductivity}
}

@article{Nam1967,
	doi = {10.1103/physrev.156.470},
	url = {https://doi.org/10.1103/physrev.156.470},
	year = {1967},
	month = apr,
	publisher = {American Physical Society ({APS})},
	volume = {156},
	number = {2},
	pages = {470--486},
	author = {Sang Boo Nam},
	title = {Theory of Electromagnetic Properties of Superconducting and Normal Systems. {I}},
	journal = {Physical Review}
}